@article{Angadi:2014,
	author = {Manjunath Angadi and Lakshman Naika},
	title = {Handwritten Circuit Schematic Detection and Simulation using Computer Vision Approach},
	year = {2014},
	journal = {IJCSMC},
	volume = {3},
	number = {6},
	pages = {754-761},
	note = {\url{http://www.academia.edu/7492538/Handwritten_Circuit_Schematic_Detection_and_Simulation_using_Computer_Vision_Approach_}}
}

@misc{Redaelli:2012,
	author = {Redaelli},
	title = {CircuitTikz Version: 0.3.0},
	year = {2012},
	note = {\url{http://ctan.mackichan.com/graphics/pgf/contrib/circuitikz/circuitikzmanual.pdf}}
}


@misc{Tantau:2012,
	author = {Till Tantau},
	title = {The Tikz and PGF Packages: Manual for version 2.10-cvs},
	year = {2012},
	note = {\url{http://www.texample.net/media/pgf/builds/pgfmanualCVS2012-11-04.pdf}}
}
