@techreport{Brooks:1985,
	author = {Brooks, Rodney A.},
 	title = {A Robust Layered Control System For a Mobile Robot},
 	year = {1985},
 	institution = {Massachusetts Institute of Technology},
 	address = {Cambridge, MA, USA},
 	source = {http://www.ncstrl.org:8900/ncstrl/servlet/search?formname=detail\&id=oai%3Ancstrlh%3Amitai%3AMIT-AILab%2F%2FAIM-864},
} 

@article{Walter:1950,
	author = {Walter, W. Grey},
	title = {Imitation of Life},
	year = {1950},
	journal = {Scientific American},
	source = {http://robotics.cs.tamu.edu/dshell/cs643/papers/walter50imitation.pdf},
}

@online{Google:2014,
	author = {Google},
	title = {Protocol Buffers},
	year = {2014},
	url = {https://developers.google.com/protocol-buffers/docs/overview}
}

@online{NSI:2014,
	author = {Network Sorcery, Inc.},
	title = {TCP, Transmission Control Protocol},
	year = {2012},
	url = {http://www.networksorcery.com/enp/protocol/tcp.htm}
}